@Article{Shahbazi2021,
  author    = {Karim Shahbazi and Seok{-}Bum Ko},
  journal   = {{IEEE} Trans. Very Large Scale Integr. Syst.},
  title     = {Area-Efficient Nano-AES Implementation for Internet-of-Things Devices},
  year      = {2021},
  number    = {1},
  pages     = {136--148},
  volume    = {29},
  bibsource = {dblp computer science bibliography, https://dblp.org},
  biburl    = {https://dblp.org/rec/journals/tvlsi/ShahbaziK21.bib},
  doi       = {10.1109/TVLSI.2020.3033928},
}

@Misc{Singh2019,
  author    = {Pulkit Singh and B. Acharya and R. K. Chaurasiya},
  title     = {High Throughput Architecture for KLEIN Block Cipher in FPGA},
  year      = {2019},
  doi       = {10.1109/iemeconx.2019.8877021},
  journal   = {2019 9th Annual Information Technology, Electromechanical Engineering and Microelectronics Conference (IEMECON)},
  publisher = {IEEE},
}

@Comment{jabref-meta: databaseType:bibtex;}
